<record xmlns="http://www.loc.gov/MARC21/slim" xmlns:xsi="http://www.w3.org/2001/XMLSchema-instance" xsi:schemaLocation="http://www.loc.gov/MARC21/slim http://www.loc.gov/standards/marcxml/schema/MARC21slim.xsd"><leader>00686nz   2200145n  4500</leader><controlfield tag="001">oca02214005 </controlfield><controlfield tag="005">19880406065749.6</controlfield><controlfield tag="008">880226n| acannaab|          |a aaa |||  </controlfield><datafield ind1=" " ind2=" " tag="010"><subfield code="a">n  87880846 </subfield></datafield><datafield ind1=" " ind2=" " tag="040"><subfield code="a">DLC</subfield><subfield code="c">DLC</subfield></datafield><datafield ind1="0" ind2=" " tag="100"><subfield code="a">Seleucus</subfield><subfield code="b">I,</subfield><subfield code="c">Nicator,</subfield><subfield code="d">d. 281 B.C.</subfield></datafield><datafield ind1="0" ind2=" " tag="400"><subfield code="a">Seleukos</subfield><subfield code="b">I,</subfield><subfield code="c">Nikator,</subfield><subfield code="d">d. 281 B.C.</subfield></datafield><datafield ind1=" " ind2=" " tag="670"><subfield code="a">Mehl, A. Seleukos Nikator und sein Reich, 1986:</subfield><subfield code="b">v. 1, t.p. (Seleukos Nikator) p. 2 (b. ca. 350 B.C.; d. ca. 281 B.C.)</subfield></datafield><datafield ind1=" " ind2=" " tag="670"><subfield code="a">Oxford class. dict.</subfield><subfield code="b">(Seleucus I, Nicator, ca. 358-281 B.C.; son of Antiochus, accompanied Alexander to Asia, a general)</subfield></datafield><datafield ind1=" " ind2=" " tag="670"><subfield code="a">Encycl. Brit.</subfield><subfield code="b">(Seleucus I Nicator, b. between 358 and 354 BC, d. 281 BC; founder of the Seleucid Kingdom)</subfield></datafield></record>